%YAML 1.1
%TAG !u! tag:unity3d.com,2011:
--- !u!29 &1
OcclusionCullingSettings:
  m_ObjectHideFlags: 0
  serializedVersion: 2
  m_OcclusionBakeSettings:
    smallestOccluder: 5
    smallestHole: 0.25
    backfaceThreshold: 100
  m_SceneGUID: 00000000000000000000000000000000
  m_OcclusionCullingData: {fileID: 0}
--- !u!104 &2
RenderSettings:
  m_ObjectHideFlags: 0
  serializedVersion: 8
  m_Fog: 0
  m_FogColor: {r: 0.5, g: 0.5, b: 0.5, a: 1}
  m_FogMode: 3
  m_FogDensity: 0.01
  m_LinearFogStart: 0
  m_LinearFogEnd: 300
  m_AmbientSkyColor: {r: 0.212, g: 0.227, b: 0.259, a: 1}
  m_AmbientEquatorColor: {r: 0.114, g: 0.125, b: 0.133, a: 1}
  m_AmbientGroundColor: {r: 0.047, g: 0.043, b: 0.035, a: 1}
  m_AmbientIntensity: 1
  m_AmbientMode: 3
  m_SubtractiveShadowColor: {r: 0.42, g: 0.478, b: 0.627, a: 1}
  m_SkyboxMaterial: {fileID: 0}
  m_HaloStrength: 0.5
  m_FlareStrength: 1
  m_FlareFadeSpeed: 3
  m_HaloTexture: {fileID: 0}
  m_SpotCookie: {fileID: 10001, guid: 0000000000000000e000000000000000, type: 0}
  m_DefaultReflectionMode: 0
  m_DefaultReflectionResolution: 128
  m_ReflectionBounces: 1
  m_ReflectionIntensity: 1
  m_CustomReflection: {fileID: 0}
  m_Sun: {fileID: 0}
  m_IndirectSpecularColor: {r: 0, g: 0, b: 0, a: 1}
--- !u!157 &3
LightmapSettings:
  m_ObjectHideFlags: 0
  serializedVersion: 11
  m_GIWorkflowMode: 1
  m_GISettings:
    serializedVersion: 2
    m_BounceScale: 1
    m_IndirectOutputScale: 1
    m_AlbedoBoost: 1
    m_TemporalCoherenceThreshold: 1
    m_EnvironmentLightingMode: 0
    m_EnableBakedLightmaps: 0
    m_EnableRealtimeLightmaps: 0
  m_LightmapEditorSettings:
    serializedVersion: 9
    m_Resolution: 2
    m_BakeResolution: 40
    m_TextureWidth: 1024
    m_TextureHeight: 1024
    m_AO: 0
    m_AOMaxDistance: 1
    m_CompAOExponent: 1
    m_CompAOExponentDirect: 0
    m_Padding: 2
    m_LightmapParameters: {fileID: 0}
    m_LightmapsBakeMode: 1
    m_TextureCompression: 1
    m_FinalGather: 0
    m_FinalGatherFiltering: 1
    m_FinalGatherRayCount: 256
    m_ReflectionCompression: 2
    m_MixedBakeMode: 2
    m_BakeBackend: 0
    m_PVRSampling: 1
    m_PVRDirectSampleCount: 32
    m_PVRSampleCount: 500
    m_PVRBounces: 2
    m_PVRFilterTypeDirect: 0
    m_PVRFilterTypeIndirect: 0
    m_PVRFilterTypeAO: 0
    m_PVRFilteringMode: 1
    m_PVRCulling: 1
    m_PVRFilteringGaussRadiusDirect: 1
    m_PVRFilteringGaussRadiusIndirect: 5
    m_PVRFilteringGaussRadiusAO: 2
    m_PVRFilteringAtrousPositionSigmaDirect: 0.5
    m_PVRFilteringAtrousPositionSigmaIndirect: 2
    m_PVRFilteringAtrousPositionSigmaAO: 1
  m_LightingDataAsset: {fileID: 0}
  m_UseShadowmask: 1
--- !u!196 &4
NavMeshSettings:
  serializedVersion: 2
  m_ObjectHideFlags: 0
  m_BuildSettings:
    serializedVersion: 2
    agentTypeID: 0
    agentRadius: 0.5
    agentHeight: 2
    agentSlope: 45
    agentClimb: 0.4
    ledgeDropHeight: 0
    maxJumpAcrossDistance: 0
    minRegionArea: 2
    manualCellSize: 0
    cellSize: 0.16666667
    manualTileSize: 0
    tileSize: 256
    accuratePlacement: 0
  m_NavMeshData: {fileID: 0}
--- !u!1001 &117344926
Prefab:
  m_ObjectHideFlags: 0
  serializedVersion: 2
  m_Modification:
    m_TransformParent: {fileID: 0}
    m_Modifications:
    - target: {fileID: 224490895495767974, guid: 89dda26b48a78e345b36608d9537f559,
        type: 2}
      propertyPath: m_LocalPosition.x
      value: 512
      objectReference: {fileID: 0}
    - target: {fileID: 224490895495767974, guid: 89dda26b48a78e345b36608d9537f559,
        type: 2}
      propertyPath: m_LocalPosition.y
      value: 384
      objectReference: {fileID: 0}
    - target: {fileID: 224490895495767974, guid: 89dda26b48a78e345b36608d9537f559,
        type: 2}
      propertyPath: m_LocalPosition.z
      value: 0
      objectReference: {fileID: 0}
    - target: {fileID: 224490895495767974, guid: 89dda26b48a78e345b36608d9537f559,
        type: 2}
      propertyPath: m_LocalRotation.x
      value: 0
      objectReference: {fileID: 0}
    - target: {fileID: 224490895495767974, guid: 89dda26b48a78e345b36608d9537f559,
        type: 2}
      propertyPath: m_LocalRotation.y
      value: 0
      objectReference: {fileID: 0}
    - target: {fileID: 224490895495767974, guid: 89dda26b48a78e345b36608d9537f559,
        type: 2}
      propertyPath: m_LocalRotation.z
      value: 0
      objectReference: {fileID: 0}
    - target: {fileID: 224490895495767974, guid: 89dda26b48a78e345b36608d9537f559,
        type: 2}
      propertyPath: m_LocalRotation.w
      value: 1
      objectReference: {fileID: 0}
    - target: {fileID: 224490895495767974, guid: 89dda26b48a78e345b36608d9537f559,
        type: 2}
      propertyPath: m_RootOrder
      value: 3
      objectReference: {fileID: 0}
    - target: {fileID: 224490895495767974, guid: 89dda26b48a78e345b36608d9537f559,
        type: 2}
      propertyPath: m_AnchoredPosition.x
      value: 0
      objectReference: {fileID: 0}
    - target: {fileID: 224490895495767974, guid: 89dda26b48a78e345b36608d9537f559,
        type: 2}
      propertyPath: m_AnchoredPosition.y
      value: 0
      objectReference: {fileID: 0}
    - target: {fileID: 224490895495767974, guid: 89dda26b48a78e345b36608d9537f559,
        type: 2}
      propertyPath: m_SizeDelta.x
      value: 100
      objectReference: {fileID: 0}
    - target: {fileID: 224490895495767974, guid: 89dda26b48a78e345b36608d9537f559,
        type: 2}
      propertyPath: m_SizeDelta.y
      value: 100
      objectReference: {fileID: 0}
    - target: {fileID: 224490895495767974, guid: 89dda26b48a78e345b36608d9537f559,
        type: 2}
      propertyPath: m_AnchorMin.x
      value: 0.5
      objectReference: {fileID: 0}
    - target: {fileID: 224490895495767974, guid: 89dda26b48a78e345b36608d9537f559,
        type: 2}
      propertyPath: m_AnchorMin.y
      value: 0.5
      objectReference: {fileID: 0}
    - target: {fileID: 224490895495767974, guid: 89dda26b48a78e345b36608d9537f559,
        type: 2}
      propertyPath: m_AnchorMax.x
      value: 0.5
      objectReference: {fileID: 0}
    - target: {fileID: 224490895495767974, guid: 89dda26b48a78e345b36608d9537f559,
        type: 2}
      propertyPath: m_AnchorMax.y
      value: 0.5
      objectReference: {fileID: 0}
    - target: {fileID: 224490895495767974, guid: 89dda26b48a78e345b36608d9537f559,
        type: 2}
      propertyPath: m_Pivot.x
      value: 0.5
      objectReference: {fileID: 0}
    - target: {fileID: 224490895495767974, guid: 89dda26b48a78e345b36608d9537f559,
        type: 2}
      propertyPath: m_Pivot.y
      value: 0.5
      objectReference: {fileID: 0}
    - target: {fileID: 224170736936582928, guid: 89dda26b48a78e345b36608d9537f559,
        type: 2}
      propertyPath: m_LocalPosition.x
      value: -68
      objectReference: {fileID: 0}
    - target: {fileID: 224170736936582928, guid: 89dda26b48a78e345b36608d9537f559,
        type: 2}
      propertyPath: m_LocalPosition.y
      value: 335
      objectReference: {fileID: 0}
    - target: {fileID: 224575035137577530, guid: 89dda26b48a78e345b36608d9537f559,
        type: 2}
      propertyPath: m_LocalPosition.x
      value: 199.11206
      objectReference: {fileID: 0}
    - target: {fileID: 224575035137577530, guid: 89dda26b48a78e345b36608d9537f559,
        type: 2}
      propertyPath: m_LocalPosition.y
      value: 316.88
      objectReference: {fileID: 0}
    - target: {fileID: 224660421693035728, guid: 89dda26b48a78e345b36608d9537f559,
        type: 2}
      propertyPath: m_LocalPosition.x
      value: -241.93597
      objectReference: {fileID: 0}
    - target: {fileID: 224660421693035728, guid: 89dda26b48a78e345b36608d9537f559,
        type: 2}
      propertyPath: m_LocalPosition.y
      value: 316.88
      objectReference: {fileID: 0}
    m_RemovedComponents: []
  m_ParentPrefab: {fileID: 100100000, guid: 89dda26b48a78e345b36608d9537f559, type: 2}
  m_IsPrefabParent: 0
--- !u!1001 &192321367
Prefab:
  m_ObjectHideFlags: 0
  serializedVersion: 2
  m_Modification:
    m_TransformParent: {fileID: 939381224}
    m_Modifications:
    - target: {fileID: 4612779908450682, guid: 196fff1792a6ee44e960a31600e6ea43, type: 2}
      propertyPath: m_LocalPosition.x
      value: 0
      objectReference: {fileID: 0}
    - target: {fileID: 4612779908450682, guid: 196fff1792a6ee44e960a31600e6ea43, type: 2}
      propertyPath: m_LocalPosition.y
      value: 0
      objectReference: {fileID: 0}
    - target: {fileID: 4612779908450682, guid: 196fff1792a6ee44e960a31600e6ea43, type: 2}
      propertyPath: m_LocalPosition.z
      value: -10
      objectReference: {fileID: 0}
    - target: {fileID: 4612779908450682, guid: 196fff1792a6ee44e960a31600e6ea43, type: 2}
      propertyPath: m_LocalRotation.x
      value: 0
      objectReference: {fileID: 0}
    - target: {fileID: 4612779908450682, guid: 196fff1792a6ee44e960a31600e6ea43, type: 2}
      propertyPath: m_LocalRotation.y
      value: 0
      objectReference: {fileID: 0}
    - target: {fileID: 4612779908450682, guid: 196fff1792a6ee44e960a31600e6ea43, type: 2}
      propertyPath: m_LocalRotation.z
      value: 0
      objectReference: {fileID: 0}
    - target: {fileID: 4612779908450682, guid: 196fff1792a6ee44e960a31600e6ea43, type: 2}
      propertyPath: m_LocalRotation.w
      value: 1
      objectReference: {fileID: 0}
    - target: {fileID: 4612779908450682, guid: 196fff1792a6ee44e960a31600e6ea43, type: 2}
      propertyPath: m_RootOrder
      value: 2
      objectReference: {fileID: 0}
    m_RemovedComponents: []
  m_ParentPrefab: {fileID: 100100000, guid: 196fff1792a6ee44e960a31600e6ea43, type: 2}
  m_IsPrefabParent: 0
--- !u!4 &192321368 stripped
Transform:
  m_PrefabParentObject: {fileID: 4612779908450682, guid: 196fff1792a6ee44e960a31600e6ea43,
    type: 2}
  m_PrefabInternal: {fileID: 192321367}
--- !u!224 &302721078 stripped
RectTransform:
  m_PrefabParentObject: {fileID: 224849533562297466, guid: dbc84268272c73a49802160fdc144996,
    type: 2}
  m_PrefabInternal: {fileID: 1903302712}
--- !u!1001 &636482474
Prefab:
  m_ObjectHideFlags: 0
  serializedVersion: 2
  m_Modification:
    m_TransformParent: {fileID: 0}
    m_Modifications:
    - target: {fileID: 224038454549179348, guid: 02a33bf032b7b544d97a0f5db33bb2db,
        type: 2}
      propertyPath: m_LocalPosition.x
      value: 512
      objectReference: {fileID: 0}
    - target: {fileID: 224038454549179348, guid: 02a33bf032b7b544d97a0f5db33bb2db,
        type: 2}
      propertyPath: m_LocalPosition.y
      value: 384
      objectReference: {fileID: 0}
    - target: {fileID: 224038454549179348, guid: 02a33bf032b7b544d97a0f5db33bb2db,
        type: 2}
      propertyPath: m_LocalPosition.z
      value: 0
      objectReference: {fileID: 0}
    - target: {fileID: 224038454549179348, guid: 02a33bf032b7b544d97a0f5db33bb2db,
        type: 2}
      propertyPath: m_LocalRotation.x
      value: 0
      objectReference: {fileID: 0}
    - target: {fileID: 224038454549179348, guid: 02a33bf032b7b544d97a0f5db33bb2db,
        type: 2}
      propertyPath: m_LocalRotation.y
      value: 0
      objectReference: {fileID: 0}
    - target: {fileID: 224038454549179348, guid: 02a33bf032b7b544d97a0f5db33bb2db,
        type: 2}
      propertyPath: m_LocalRotation.z
      value: 0
      objectReference: {fileID: 0}
    - target: {fileID: 224038454549179348, guid: 02a33bf032b7b544d97a0f5db33bb2db,
        type: 2}
      propertyPath: m_LocalRotation.w
      value: 1
      objectReference: {fileID: 0}
    - target: {fileID: 224038454549179348, guid: 02a33bf032b7b544d97a0f5db33bb2db,
        type: 2}
      propertyPath: m_RootOrder
      value: 5
      objectReference: {fileID: 0}
    - target: {fileID: 224038454549179348, guid: 02a33bf032b7b544d97a0f5db33bb2db,
        type: 2}
      propertyPath: m_AnchoredPosition.x
      value: 0
      objectReference: {fileID: 0}
    - target: {fileID: 224038454549179348, guid: 02a33bf032b7b544d97a0f5db33bb2db,
        type: 2}
      propertyPath: m_AnchoredPosition.y
      value: 0
      objectReference: {fileID: 0}
    - target: {fileID: 224038454549179348, guid: 02a33bf032b7b544d97a0f5db33bb2db,
        type: 2}
      propertyPath: m_SizeDelta.x
      value: 100
      objectReference: {fileID: 0}
    - target: {fileID: 224038454549179348, guid: 02a33bf032b7b544d97a0f5db33bb2db,
        type: 2}
      propertyPath: m_SizeDelta.y
      value: 100
      objectReference: {fileID: 0}
    - target: {fileID: 224038454549179348, guid: 02a33bf032b7b544d97a0f5db33bb2db,
        type: 2}
      propertyPath: m_AnchorMin.x
      value: 0.5
      objectReference: {fileID: 0}
    - target: {fileID: 224038454549179348, guid: 02a33bf032b7b544d97a0f5db33bb2db,
        type: 2}
      propertyPath: m_AnchorMin.y
      value: 0.5
      objectReference: {fileID: 0}
    - target: {fileID: 224038454549179348, guid: 02a33bf032b7b544d97a0f5db33bb2db,
        type: 2}
      propertyPath: m_AnchorMax.x
      value: 0.5
      objectReference: {fileID: 0}
    - target: {fileID: 224038454549179348, guid: 02a33bf032b7b544d97a0f5db33bb2db,
        type: 2}
      propertyPath: m_AnchorMax.y
      value: 0.5
      objectReference: {fileID: 0}
    - target: {fileID: 224038454549179348, guid: 02a33bf032b7b544d97a0f5db33bb2db,
        type: 2}
      propertyPath: m_Pivot.x
      value: 0.5
      objectReference: {fileID: 0}
    - target: {fileID: 224038454549179348, guid: 02a33bf032b7b544d97a0f5db33bb2db,
        type: 2}
      propertyPath: m_Pivot.y
      value: 0.5
      objectReference: {fileID: 0}
    - target: {fileID: 224285319829946964, guid: 02a33bf032b7b544d97a0f5db33bb2db,
        type: 2}
      propertyPath: m_LocalPosition.x
      value: -102.399994
      objectReference: {fileID: 0}
    - target: {fileID: 224285319829946964, guid: 02a33bf032b7b544d97a0f5db33bb2db,
        type: 2}
      propertyPath: m_LocalPosition.y
      value: -49.919983
      objectReference: {fileID: 0}
    - target: {fileID: 224632446523466232, guid: 02a33bf032b7b544d97a0f5db33bb2db,
        type: 2}
      propertyPath: m_LocalPosition.x
      value: 512
      objectReference: {fileID: 0}
    - target: {fileID: 224632446523466232, guid: 02a33bf032b7b544d97a0f5db33bb2db,
        type: 2}
      propertyPath: m_LocalPosition.y
      value: 384
      objectReference: {fileID: 0}
    m_RemovedComponents: []
  m_ParentPrefab: {fileID: 100100000, guid: 02a33bf032b7b544d97a0f5db33bb2db, type: 2}
  m_IsPrefabParent: 0
--- !u!1001 &731119394
Prefab:
  m_ObjectHideFlags: 0
  serializedVersion: 2
  m_Modification:
    m_TransformParent: {fileID: 0}
    m_Modifications:
    - target: {fileID: 224483407934130430, guid: abb4525ed8c97f74786e93438afa5020,
        type: 2}
      propertyPath: m_LocalPosition.x
      value: 512
      objectReference: {fileID: 0}
    - target: {fileID: 224483407934130430, guid: abb4525ed8c97f74786e93438afa5020,
        type: 2}
      propertyPath: m_LocalPosition.y
      value: 384
      objectReference: {fileID: 0}
    - target: {fileID: 224483407934130430, guid: abb4525ed8c97f74786e93438afa5020,
        type: 2}
      propertyPath: m_LocalPosition.z
      value: 0
      objectReference: {fileID: 0}
    - target: {fileID: 224483407934130430, guid: abb4525ed8c97f74786e93438afa5020,
        type: 2}
      propertyPath: m_LocalRotation.x
      value: 0
      objectReference: {fileID: 0}
    - target: {fileID: 224483407934130430, guid: abb4525ed8c97f74786e93438afa5020,
        type: 2}
      propertyPath: m_LocalRotation.y
      value: 0
      objectReference: {fileID: 0}
    - target: {fileID: 224483407934130430, guid: abb4525ed8c97f74786e93438afa5020,
        type: 2}
      propertyPath: m_LocalRotation.z
      value: 0
      objectReference: {fileID: 0}
    - target: {fileID: 224483407934130430, guid: abb4525ed8c97f74786e93438afa5020,
        type: 2}
      propertyPath: m_LocalRotation.w
      value: 1
      objectReference: {fileID: 0}
    - target: {fileID: 224483407934130430, guid: abb4525ed8c97f74786e93438afa5020,
        type: 2}
      propertyPath: m_RootOrder
      value: 11
      objectReference: {fileID: 0}
    - target: {fileID: 224483407934130430, guid: abb4525ed8c97f74786e93438afa5020,
        type: 2}
      propertyPath: m_AnchoredPosition.x
      value: 0
      objectReference: {fileID: 0}
    - target: {fileID: 224483407934130430, guid: abb4525ed8c97f74786e93438afa5020,
        type: 2}
      propertyPath: m_AnchoredPosition.y
      value: 0
      objectReference: {fileID: 0}
    - target: {fileID: 224483407934130430, guid: abb4525ed8c97f74786e93438afa5020,
        type: 2}
      propertyPath: m_SizeDelta.x
      value: 100
      objectReference: {fileID: 0}
    - target: {fileID: 224483407934130430, guid: abb4525ed8c97f74786e93438afa5020,
        type: 2}
      propertyPath: m_SizeDelta.y
      value: 100
      objectReference: {fileID: 0}
    - target: {fileID: 224483407934130430, guid: abb4525ed8c97f74786e93438afa5020,
        type: 2}
      propertyPath: m_AnchorMin.x
      value: 0.5
      objectReference: {fileID: 0}
    - target: {fileID: 224483407934130430, guid: abb4525ed8c97f74786e93438afa5020,
        type: 2}
      propertyPath: m_AnchorMin.y
      value: 0.5
      objectReference: {fileID: 0}
    - target: {fileID: 224483407934130430, guid: abb4525ed8c97f74786e93438afa5020,
        type: 2}
      propertyPath: m_AnchorMax.x
      value: 0.5
      objectReference: {fileID: 0}
    - target: {fileID: 224483407934130430, guid: abb4525ed8c97f74786e93438afa5020,
        type: 2}
      propertyPath: m_AnchorMax.y
      value: 0.5
      objectReference: {fileID: 0}
    - target: {fileID: 224483407934130430, guid: abb4525ed8c97f74786e93438afa5020,
        type: 2}
      propertyPath: m_Pivot.x
      value: 0.5
      objectReference: {fileID: 0}
    - target: {fileID: 224483407934130430, guid: abb4525ed8c97f74786e93438afa5020,
        type: 2}
      propertyPath: m_Pivot.y
      value: 0.5
      objectReference: {fileID: 0}
    - target: {fileID: 224632234013779394, guid: abb4525ed8c97f74786e93438afa5020,
        type: 2}
      propertyPath: m_LocalPosition.y
      value: 0
      objectReference: {fileID: 0}
    - target: {fileID: 224632234013779394, guid: abb4525ed8c97f74786e93438afa5020,
        type: 2}
      propertyPath: m_SizeDelta.y
      value: 0
      objectReference: {fileID: 0}
    m_RemovedComponents: []
  m_ParentPrefab: {fileID: 100100000, guid: abb4525ed8c97f74786e93438afa5020, type: 2}
  m_IsPrefabParent: 0
--- !u!1001 &788119463
Prefab:
  m_ObjectHideFlags: 0
  serializedVersion: 2
  m_Modification:
    m_TransformParent: {fileID: 0}
    m_Modifications:
    - target: {fileID: 224922690466386036, guid: 20ac7e20359895c4782a3782c4aa02c8,
        type: 2}
      propertyPath: m_LocalPosition.x
      value: 512
      objectReference: {fileID: 0}
    - target: {fileID: 224922690466386036, guid: 20ac7e20359895c4782a3782c4aa02c8,
        type: 2}
      propertyPath: m_LocalPosition.y
      value: 384
      objectReference: {fileID: 0}
    - target: {fileID: 224922690466386036, guid: 20ac7e20359895c4782a3782c4aa02c8,
        type: 2}
      propertyPath: m_LocalPosition.z
      value: 0
      objectReference: {fileID: 0}
    - target: {fileID: 224922690466386036, guid: 20ac7e20359895c4782a3782c4aa02c8,
        type: 2}
      propertyPath: m_LocalRotation.x
      value: 0
      objectReference: {fileID: 0}
    - target: {fileID: 224922690466386036, guid: 20ac7e20359895c4782a3782c4aa02c8,
        type: 2}
      propertyPath: m_LocalRotation.y
      value: 0
      objectReference: {fileID: 0}
    - target: {fileID: 224922690466386036, guid: 20ac7e20359895c4782a3782c4aa02c8,
        type: 2}
      propertyPath: m_LocalRotation.z
      value: 0
      objectReference: {fileID: 0}
    - target: {fileID: 224922690466386036, guid: 20ac7e20359895c4782a3782c4aa02c8,
        type: 2}
      propertyPath: m_LocalRotation.w
      value: 1
      objectReference: {fileID: 0}
    - target: {fileID: 224922690466386036, guid: 20ac7e20359895c4782a3782c4aa02c8,
        type: 2}
      propertyPath: m_RootOrder
      value: 1
      objectReference: {fileID: 0}
    - target: {fileID: 224922690466386036, guid: 20ac7e20359895c4782a3782c4aa02c8,
        type: 2}
      propertyPath: m_AnchoredPosition.x
      value: 0
      objectReference: {fileID: 0}
    - target: {fileID: 224922690466386036, guid: 20ac7e20359895c4782a3782c4aa02c8,
        type: 2}
      propertyPath: m_AnchoredPosition.y
      value: 0
      objectReference: {fileID: 0}
    - target: {fileID: 224922690466386036, guid: 20ac7e20359895c4782a3782c4aa02c8,
        type: 2}
      propertyPath: m_SizeDelta.x
      value: 100
      objectReference: {fileID: 0}
    - target: {fileID: 224922690466386036, guid: 20ac7e20359895c4782a3782c4aa02c8,
        type: 2}
      propertyPath: m_SizeDelta.y
      value: 100
      objectReference: {fileID: 0}
    - target: {fileID: 224922690466386036, guid: 20ac7e20359895c4782a3782c4aa02c8,
        type: 2}
      propertyPath: m_AnchorMin.x
      value: 0.5
      objectReference: {fileID: 0}
    - target: {fileID: 224922690466386036, guid: 20ac7e20359895c4782a3782c4aa02c8,
        type: 2}
      propertyPath: m_AnchorMin.y
      value: 0.5
      objectReference: {fileID: 0}
    - target: {fileID: 224922690466386036, guid: 20ac7e20359895c4782a3782c4aa02c8,
        type: 2}
      propertyPath: m_AnchorMax.x
      value: 0.5
      objectReference: {fileID: 0}
    - target: {fileID: 224922690466386036, guid: 20ac7e20359895c4782a3782c4aa02c8,
        type: 2}
      propertyPath: m_AnchorMax.y
      value: 0.5
      objectReference: {fileID: 0}
    - target: {fileID: 224922690466386036, guid: 20ac7e20359895c4782a3782c4aa02c8,
        type: 2}
      propertyPath: m_Pivot.x
      value: 0.5
      objectReference: {fileID: 0}
    - target: {fileID: 224922690466386036, guid: 20ac7e20359895c4782a3782c4aa02c8,
        type: 2}
      propertyPath: m_Pivot.y
      value: 0.5
      objectReference: {fileID: 0}
    - target: {fileID: 224993851734934586, guid: 20ac7e20359895c4782a3782c4aa02c8,
        type: 2}
      propertyPath: m_LocalPosition.x
      value: 0
      objectReference: {fileID: 0}
    - target: {fileID: 224995249133822122, guid: 20ac7e20359895c4782a3782c4aa02c8,
        type: 2}
      propertyPath: m_LocalPosition.x
      value: -512
      objectReference: {fileID: 0}
    - target: {fileID: 224993851734934586, guid: 20ac7e20359895c4782a3782c4aa02c8,
        type: 2}
      propertyPath: m_SizeDelta.y
      value: 0
      objectReference: {fileID: 0}
    m_RemovedComponents: []
  m_ParentPrefab: {fileID: 100100000, guid: 20ac7e20359895c4782a3782c4aa02c8, type: 2}
  m_IsPrefabParent: 0
--- !u!1 &939381223
GameObject:
  m_ObjectHideFlags: 0
  m_PrefabParentObject: {fileID: 0}
  m_PrefabInternal: {fileID: 0}
  serializedVersion: 5
  m_Component:
  - component: {fileID: 939381224}
  m_Layer: 0
  m_Name: Else
  m_TagString: Untagged
  m_Icon: {fileID: 0}
  m_NavMeshLayer: 0
  m_StaticEditorFlags: 0
  m_IsActive: 1
--- !u!4 &939381224
Transform:
  m_ObjectHideFlags: 0
  m_PrefabParentObject: {fileID: 0}
  m_PrefabInternal: {fileID: 0}
  m_GameObject: {fileID: 939381223}
  m_LocalRotation: {x: 0, y: 0, z: 0, w: 1}
  m_LocalPosition: {x: 629.6013, y: 658.19006, z: -13.5}
  m_LocalScale: {x: 1, y: 1, z: 1}
  m_Children:
  - {fileID: 302721078}
  - {fileID: 1911550046}
  - {fileID: 192321368}
  - {fileID: 1414169198}
  m_Father: {fileID: 0}
  m_RootOrder: 6
  m_LocalEulerAnglesHint: {x: 0, y: 0, z: 0}
--- !u!1001 &985401409
Prefab:
  m_ObjectHideFlags: 0
  serializedVersion: 2
  m_Modification:
    m_TransformParent: {fileID: 0}
    m_Modifications:
    - target: {fileID: 224620004789353138, guid: a8f07c12f70f0f84ca1e238126128e33,
        type: 2}
      propertyPath: m_LocalPosition.x
      value: 512
      objectReference: {fileID: 0}
    - target: {fileID: 224620004789353138, guid: a8f07c12f70f0f84ca1e238126128e33,
        type: 2}
      propertyPath: m_LocalPosition.y
      value: 384
      objectReference: {fileID: 0}
    - target: {fileID: 224620004789353138, guid: a8f07c12f70f0f84ca1e238126128e33,
        type: 2}
      propertyPath: m_LocalPosition.z
      value: 0
      objectReference: {fileID: 0}
    - target: {fileID: 224620004789353138, guid: a8f07c12f70f0f84ca1e238126128e33,
        type: 2}
      propertyPath: m_LocalRotation.x
      value: 0
      objectReference: {fileID: 0}
    - target: {fileID: 224620004789353138, guid: a8f07c12f70f0f84ca1e238126128e33,
        type: 2}
      propertyPath: m_LocalRotation.y
      value: 0
      objectReference: {fileID: 0}
    - target: {fileID: 224620004789353138, guid: a8f07c12f70f0f84ca1e238126128e33,
        type: 2}
      propertyPath: m_LocalRotation.z
      value: 0
      objectReference: {fileID: 0}
    - target: {fileID: 224620004789353138, guid: a8f07c12f70f0f84ca1e238126128e33,
        type: 2}
      propertyPath: m_LocalRotation.w
      value: 1
      objectReference: {fileID: 0}
    - target: {fileID: 224620004789353138, guid: a8f07c12f70f0f84ca1e238126128e33,
        type: 2}
      propertyPath: m_RootOrder
      value: 0
      objectReference: {fileID: 0}
    - target: {fileID: 224620004789353138, guid: a8f07c12f70f0f84ca1e238126128e33,
        type: 2}
      propertyPath: m_AnchoredPosition.x
      value: 0
      objectReference: {fileID: 0}
    - target: {fileID: 224620004789353138, guid: a8f07c12f70f0f84ca1e238126128e33,
        type: 2}
      propertyPath: m_AnchoredPosition.y
      value: 0
      objectReference: {fileID: 0}
    - target: {fileID: 224620004789353138, guid: a8f07c12f70f0f84ca1e238126128e33,
        type: 2}
      propertyPath: m_SizeDelta.x
      value: 100
      objectReference: {fileID: 0}
    - target: {fileID: 224620004789353138, guid: a8f07c12f70f0f84ca1e238126128e33,
        type: 2}
      propertyPath: m_SizeDelta.y
      value: 100
      objectReference: {fileID: 0}
    - target: {fileID: 224620004789353138, guid: a8f07c12f70f0f84ca1e238126128e33,
        type: 2}
      propertyPath: m_AnchorMin.x
      value: 0.5
      objectReference: {fileID: 0}
    - target: {fileID: 224620004789353138, guid: a8f07c12f70f0f84ca1e238126128e33,
        type: 2}
      propertyPath: m_AnchorMin.y
      value: 0.5
      objectReference: {fileID: 0}
    - target: {fileID: 224620004789353138, guid: a8f07c12f70f0f84ca1e238126128e33,
        type: 2}
      propertyPath: m_AnchorMax.x
      value: 0.5
      objectReference: {fileID: 0}
    - target: {fileID: 224620004789353138, guid: a8f07c12f70f0f84ca1e238126128e33,
        type: 2}
      propertyPath: m_AnchorMax.y
      value: 0.5
      objectReference: {fileID: 0}
    - target: {fileID: 224620004789353138, guid: a8f07c12f70f0f84ca1e238126128e33,
        type: 2}
      propertyPath: m_Pivot.x
      value: 0.5
      objectReference: {fileID: 0}
    - target: {fileID: 224620004789353138, guid: a8f07c12f70f0f84ca1e238126128e33,
        type: 2}
      propertyPath: m_Pivot.y
      value: 0.5
      objectReference: {fileID: 0}
    - target: {fileID: 224298447865927022, guid: a8f07c12f70f0f84ca1e238126128e33,
        type: 2}
      propertyPath: m_LocalPosition.y
      value: -334
      objectReference: {fileID: 0}
    m_RemovedComponents: []
  m_ParentPrefab: {fileID: 100100000, guid: a8f07c12f70f0f84ca1e238126128e33, type: 2}
  m_IsPrefabParent: 0
--- !u!1001 &1029100051
Prefab:
  m_ObjectHideFlags: 0
  serializedVersion: 2
  m_Modification:
    m_TransformParent: {fileID: 0}
    m_Modifications:
    - target: {fileID: 224932046804893952, guid: 0a529a14968b5f14c94c9cd78847fe2f,
        type: 2}
      propertyPath: m_LocalPosition.x
      value: 512
      objectReference: {fileID: 0}
    - target: {fileID: 224932046804893952, guid: 0a529a14968b5f14c94c9cd78847fe2f,
        type: 2}
      propertyPath: m_LocalPosition.y
      value: 384
      objectReference: {fileID: 0}
    - target: {fileID: 224932046804893952, guid: 0a529a14968b5f14c94c9cd78847fe2f,
        type: 2}
      propertyPath: m_LocalPosition.z
      value: 0
      objectReference: {fileID: 0}
    - target: {fileID: 224932046804893952, guid: 0a529a14968b5f14c94c9cd78847fe2f,
        type: 2}
      propertyPath: m_LocalRotation.x
      value: 0
      objectReference: {fileID: 0}
    - target: {fileID: 224932046804893952, guid: 0a529a14968b5f14c94c9cd78847fe2f,
        type: 2}
      propertyPath: m_LocalRotation.y
      value: 0
      objectReference: {fileID: 0}
    - target: {fileID: 224932046804893952, guid: 0a529a14968b5f14c94c9cd78847fe2f,
        type: 2}
      propertyPath: m_LocalRotation.z
      value: 0
      objectReference: {fileID: 0}
    - target: {fileID: 224932046804893952, guid: 0a529a14968b5f14c94c9cd78847fe2f,
        type: 2}
      propertyPath: m_LocalRotation.w
      value: 1
      objectReference: {fileID: 0}
    - target: {fileID: 224932046804893952, guid: 0a529a14968b5f14c94c9cd78847fe2f,
        type: 2}
      propertyPath: m_RootOrder
      value: 8
      objectReference: {fileID: 0}
    - target: {fileID: 224932046804893952, guid: 0a529a14968b5f14c94c9cd78847fe2f,
        type: 2}
      propertyPath: m_AnchoredPosition.x
      value: 0
      objectReference: {fileID: 0}
    - target: {fileID: 224932046804893952, guid: 0a529a14968b5f14c94c9cd78847fe2f,
        type: 2}
      propertyPath: m_AnchoredPosition.y
      value: 0
      objectReference: {fileID: 0}
    - target: {fileID: 224932046804893952, guid: 0a529a14968b5f14c94c9cd78847fe2f,
        type: 2}
      propertyPath: m_SizeDelta.x
      value: 100
      objectReference: {fileID: 0}
    - target: {fileID: 224932046804893952, guid: 0a529a14968b5f14c94c9cd78847fe2f,
        type: 2}
      propertyPath: m_SizeDelta.y
      value: 100
      objectReference: {fileID: 0}
    - target: {fileID: 224932046804893952, guid: 0a529a14968b5f14c94c9cd78847fe2f,
        type: 2}
      propertyPath: m_AnchorMin.x
      value: 0.5
      objectReference: {fileID: 0}
    - target: {fileID: 224932046804893952, guid: 0a529a14968b5f14c94c9cd78847fe2f,
        type: 2}
      propertyPath: m_AnchorMin.y
      value: 0.5
      objectReference: {fileID: 0}
    - target: {fileID: 224932046804893952, guid: 0a529a14968b5f14c94c9cd78847fe2f,
        type: 2}
      propertyPath: m_AnchorMax.x
      value: 0.5
      objectReference: {fileID: 0}
    - target: {fileID: 224932046804893952, guid: 0a529a14968b5f14c94c9cd78847fe2f,
        type: 2}
      propertyPath: m_AnchorMax.y
      value: 0.5
      objectReference: {fileID: 0}
    - target: {fileID: 224932046804893952, guid: 0a529a14968b5f14c94c9cd78847fe2f,
        type: 2}
      propertyPath: m_Pivot.x
      value: 0.5
      objectReference: {fileID: 0}
    - target: {fileID: 224932046804893952, guid: 0a529a14968b5f14c94c9cd78847fe2f,
        type: 2}
      propertyPath: m_Pivot.y
      value: 0.5
      objectReference: {fileID: 0}
    - target: {fileID: 224573418763899312, guid: 0a529a14968b5f14c94c9cd78847fe2f,
        type: 2}
      propertyPath: m_LocalPosition.y
      value: 192
      objectReference: {fileID: 0}
    - target: {fileID: 224685292845877722, guid: 0a529a14968b5f14c94c9cd78847fe2f,
        type: 2}
      propertyPath: m_LocalPosition.x
      value: 0
      objectReference: {fileID: 0}
    - target: {fileID: 224685292845877722, guid: 0a529a14968b5f14c94c9cd78847fe2f,
        type: 2}
      propertyPath: m_LocalPosition.y
      value: 38.40001
      objectReference: {fileID: 0}
    m_RemovedComponents: []
  m_ParentPrefab: {fileID: 100100000, guid: 0a529a14968b5f14c94c9cd78847fe2f, type: 2}
  m_IsPrefabParent: 0
--- !u!1001 &1078424511
Prefab:
  m_ObjectHideFlags: 0
  serializedVersion: 2
  m_Modification:
    m_TransformParent: {fileID: 0}
    m_Modifications:
    - target: {fileID: 4953161925125020, guid: 10cbe6d586f929644a1bbce352cf71c0, type: 2}
      propertyPath: m_LocalPosition.x
      value: 369.97165
      objectReference: {fileID: 0}
    - target: {fileID: 4953161925125020, guid: 10cbe6d586f929644a1bbce352cf71c0, type: 2}
      propertyPath: m_LocalPosition.y
      value: 144.17763
      objectReference: {fileID: 0}
    - target: {fileID: 4953161925125020, guid: 10cbe6d586f929644a1bbce352cf71c0, type: 2}
      propertyPath: m_LocalPosition.z
      value: -5.472107
      objectReference: {fileID: 0}
    - target: {fileID: 4953161925125020, guid: 10cbe6d586f929644a1bbce352cf71c0, type: 2}
      propertyPath: m_LocalRotation.x
      value: 0
      objectReference: {fileID: 0}
    - target: {fileID: 4953161925125020, guid: 10cbe6d586f929644a1bbce352cf71c0, type: 2}
      propertyPath: m_LocalRotation.y
      value: 0
      objectReference: {fileID: 0}
    - target: {fileID: 4953161925125020, guid: 10cbe6d586f929644a1bbce352cf71c0, type: 2}
      propertyPath: m_LocalRotation.z
      value: 0
      objectReference: {fileID: 0}
    - target: {fileID: 4953161925125020, guid: 10cbe6d586f929644a1bbce352cf71c0, type: 2}
      propertyPath: m_LocalRotation.w
      value: 1
      objectReference: {fileID: 0}
    - target: {fileID: 4953161925125020, guid: 10cbe6d586f929644a1bbce352cf71c0, type: 2}
      propertyPath: m_RootOrder
      value: 10
      objectReference: {fileID: 0}
    m_RemovedComponents: []
  m_ParentPrefab: {fileID: 100100000, guid: 10cbe6d586f929644a1bbce352cf71c0, type: 2}
  m_IsPrefabParent: 0
--- !u!1001 &1125669549
Prefab:
  m_ObjectHideFlags: 0
  serializedVersion: 2
  m_Modification:
    m_TransformParent: {fileID: 0}
    m_Modifications:
    - target: {fileID: 224351005964919512, guid: 41743f5864355d948b5991f4d4c1b2b2,
        type: 2}
      propertyPath: m_LocalPosition.x
      value: 512
      objectReference: {fileID: 0}
    - target: {fileID: 224351005964919512, guid: 41743f5864355d948b5991f4d4c1b2b2,
        type: 2}
      propertyPath: m_LocalPosition.y
      value: 384
      objectReference: {fileID: 0}
    - target: {fileID: 224351005964919512, guid: 41743f5864355d948b5991f4d4c1b2b2,
        type: 2}
      propertyPath: m_LocalPosition.z
      value: 0
      objectReference: {fileID: 0}
    - target: {fileID: 224351005964919512, guid: 41743f5864355d948b5991f4d4c1b2b2,
        type: 2}
      propertyPath: m_LocalRotation.x
      value: 0
      objectReference: {fileID: 0}
    - target: {fileID: 224351005964919512, guid: 41743f5864355d948b5991f4d4c1b2b2,
        type: 2}
      propertyPath: m_LocalRotation.y
      value: 0
      objectReference: {fileID: 0}
    - target: {fileID: 224351005964919512, guid: 41743f5864355d948b5991f4d4c1b2b2,
        type: 2}
      propertyPath: m_LocalRotation.z
      value: 0
      objectReference: {fileID: 0}
    - target: {fileID: 224351005964919512, guid: 41743f5864355d948b5991f4d4c1b2b2,
        type: 2}
      propertyPath: m_LocalRotation.w
      value: 1
      objectReference: {fileID: 0}
    - target: {fileID: 224351005964919512, guid: 41743f5864355d948b5991f4d4c1b2b2,
        type: 2}
      propertyPath: m_RootOrder
      value: 2
      objectReference: {fileID: 0}
    - target: {fileID: 224351005964919512, guid: 41743f5864355d948b5991f4d4c1b2b2,
        type: 2}
      propertyPath: m_AnchoredPosition.x
      value: 0
      objectReference: {fileID: 0}
    - target: {fileID: 224351005964919512, guid: 41743f5864355d948b5991f4d4c1b2b2,
        type: 2}
      propertyPath: m_AnchoredPosition.y
      value: 0
      objectReference: {fileID: 0}
    - target: {fileID: 224351005964919512, guid: 41743f5864355d948b5991f4d4c1b2b2,
        type: 2}
      propertyPath: m_SizeDelta.x
      value: 100
      objectReference: {fileID: 0}
    - target: {fileID: 224351005964919512, guid: 41743f5864355d948b5991f4d4c1b2b2,
        type: 2}
      propertyPath: m_SizeDelta.y
      value: 100
      objectReference: {fileID: 0}
    - target: {fileID: 224351005964919512, guid: 41743f5864355d948b5991f4d4c1b2b2,
        type: 2}
      propertyPath: m_AnchorMin.x
      value: 0.5
      objectReference: {fileID: 0}
    - target: {fileID: 224351005964919512, guid: 41743f5864355d948b5991f4d4c1b2b2,
        type: 2}
      propertyPath: m_AnchorMin.y
      value: 0.5
      objectReference: {fileID: 0}
    - target: {fileID: 224351005964919512, guid: 41743f5864355d948b5991f4d4c1b2b2,
        type: 2}
      propertyPath: m_AnchorMax.x
      value: 0.5
      objectReference: {fileID: 0}
    - target: {fileID: 224351005964919512, guid: 41743f5864355d948b5991f4d4c1b2b2,
        type: 2}
      propertyPath: m_AnchorMax.y
      value: 0.5
      objectReference: {fileID: 0}
    - target: {fileID: 224351005964919512, guid: 41743f5864355d948b5991f4d4c1b2b2,
        type: 2}
      propertyPath: m_Pivot.x
      value: 0.5
      objectReference: {fileID: 0}
    - target: {fileID: 224351005964919512, guid: 41743f5864355d948b5991f4d4c1b2b2,
        type: 2}
      propertyPath: m_Pivot.y
      value: 0.5
      objectReference: {fileID: 0}
    - target: {fileID: 224094031775253174, guid: 41743f5864355d948b5991f4d4c1b2b2,
        type: 2}
      propertyPath: m_LocalPosition.x
      value: 0
      objectReference: {fileID: 0}
    - target: {fileID: 224493565140014002, guid: 41743f5864355d948b5991f4d4c1b2b2,
        type: 2}
      propertyPath: m_LocalPosition.x
      value: 512
      objectReference: {fileID: 0}
    - target: {fileID: 224493565140014002, guid: 41743f5864355d948b5991f4d4c1b2b2,
        type: 2}
      propertyPath: m_LocalPosition.y
      value: 0
      objectReference: {fileID: 0}
    - target: {fileID: 114615359906994742, guid: 41743f5864355d948b5991f4d4c1b2b2,
        type: 2}
      propertyPath: shipCofnig
      value: 
      objectReference: {fileID: 11400000, guid: a1cc05251476d2e4a85fc23250298983,
        type: 2}
    - target: {fileID: 224094031775253174, guid: 41743f5864355d948b5991f4d4c1b2b2,
        type: 2}
      propertyPath: m_SizeDelta.y
      value: 0
      objectReference: {fileID: 0}
    m_RemovedComponents: []
  m_ParentPrefab: {fileID: 100100000, guid: 41743f5864355d948b5991f4d4c1b2b2, type: 2}
  m_IsPrefabParent: 0
--- !u!1001 &1141179174
Prefab:
  m_ObjectHideFlags: 0
  serializedVersion: 2
  m_Modification:
    m_TransformParent: {fileID: 0}
    m_Modifications:
    - target: {fileID: 224782704790940394, guid: ab60dd7daa74edd4f8291aa1cddde754,
        type: 2}
      propertyPath: m_LocalPosition.x
      value: 512
      objectReference: {fileID: 0}
    - target: {fileID: 224782704790940394, guid: ab60dd7daa74edd4f8291aa1cddde754,
        type: 2}
      propertyPath: m_LocalPosition.y
      value: 384
      objectReference: {fileID: 0}
    - target: {fileID: 224782704790940394, guid: ab60dd7daa74edd4f8291aa1cddde754,
        type: 2}
      propertyPath: m_LocalPosition.z
      value: 0
      objectReference: {fileID: 0}
    - target: {fileID: 224782704790940394, guid: ab60dd7daa74edd4f8291aa1cddde754,
        type: 2}
      propertyPath: m_LocalRotation.x
      value: 0
      objectReference: {fileID: 0}
    - target: {fileID: 224782704790940394, guid: ab60dd7daa74edd4f8291aa1cddde754,
        type: 2}
      propertyPath: m_LocalRotation.y
      value: 0
      objectReference: {fileID: 0}
    - target: {fileID: 224782704790940394, guid: ab60dd7daa74edd4f8291aa1cddde754,
        type: 2}
      propertyPath: m_LocalRotation.z
      value: 0
      objectReference: {fileID: 0}
    - target: {fileID: 224782704790940394, guid: ab60dd7daa74edd4f8291aa1cddde754,
        type: 2}
      propertyPath: m_LocalRotation.w
      value: 1
      objectReference: {fileID: 0}
    - target: {fileID: 224782704790940394, guid: ab60dd7daa74edd4f8291aa1cddde754,
        type: 2}
      propertyPath: m_RootOrder
      value: 13
      objectReference: {fileID: 0}
    - target: {fileID: 224782704790940394, guid: ab60dd7daa74edd4f8291aa1cddde754,
        type: 2}
      propertyPath: m_AnchoredPosition.x
      value: 0
      objectReference: {fileID: 0}
    - target: {fileID: 224782704790940394, guid: ab60dd7daa74edd4f8291aa1cddde754,
        type: 2}
      propertyPath: m_AnchoredPosition.y
      value: 0
      objectReference: {fileID: 0}
    - target: {fileID: 224782704790940394, guid: ab60dd7daa74edd4f8291aa1cddde754,
        type: 2}
      propertyPath: m_SizeDelta.x
      value: 100
      objectReference: {fileID: 0}
    - target: {fileID: 224782704790940394, guid: ab60dd7daa74edd4f8291aa1cddde754,
        type: 2}
      propertyPath: m_SizeDelta.y
      value: 100
      objectReference: {fileID: 0}
    - target: {fileID: 224782704790940394, guid: ab60dd7daa74edd4f8291aa1cddde754,
        type: 2}
      propertyPath: m_AnchorMin.x
      value: 0.5
      objectReference: {fileID: 0}
    - target: {fileID: 224782704790940394, guid: ab60dd7daa74edd4f8291aa1cddde754,
        type: 2}
      propertyPath: m_AnchorMin.y
      value: 0.5
      objectReference: {fileID: 0}
    - target: {fileID: 224782704790940394, guid: ab60dd7daa74edd4f8291aa1cddde754,
        type: 2}
      propertyPath: m_AnchorMax.x
      value: 0.5
      objectReference: {fileID: 0}
    - target: {fileID: 224782704790940394, guid: ab60dd7daa74edd4f8291aa1cddde754,
        type: 2}
      propertyPath: m_AnchorMax.y
      value: 0.5
      objectReference: {fileID: 0}
    - target: {fileID: 224782704790940394, guid: ab60dd7daa74edd4f8291aa1cddde754,
        type: 2}
      propertyPath: m_Pivot.x
      value: 0.5
      objectReference: {fileID: 0}
    - target: {fileID: 224782704790940394, guid: ab60dd7daa74edd4f8291aa1cddde754,
        type: 2}
      propertyPath: m_Pivot.y
      value: 0.5
      objectReference: {fileID: 0}
    m_RemovedComponents: []
  m_ParentPrefab: {fileID: 100100000, guid: ab60dd7daa74edd4f8291aa1cddde754, type: 2}
  m_IsPrefabParent: 0
--- !u!1 &1414169195
GameObject:
  m_ObjectHideFlags: 0
  m_PrefabParentObject: {fileID: 0}
  m_PrefabInternal: {fileID: 0}
  serializedVersion: 5
  m_Component:
  - component: {fileID: 1414169198}
  - component: {fileID: 1414169197}
  - component: {fileID: 1414169196}
  m_Layer: 0
  m_Name: EventSystem
  m_TagString: Untagged
  m_Icon: {fileID: 0}
  m_NavMeshLayer: 0
  m_StaticEditorFlags: 0
  m_IsActive: 1
--- !u!114 &1414169196
MonoBehaviour:
  m_ObjectHideFlags: 0
  m_PrefabParentObject: {fileID: 0}
  m_PrefabInternal: {fileID: 0}
  m_GameObject: {fileID: 1414169195}
  m_Enabled: 1
  m_EditorHideFlags: 0
  m_Script: {fileID: 1077351063, guid: f5f67c52d1564df4a8936ccd202a3bd8, type: 3}
  m_Name: 
  m_EditorClassIdentifier: 
  m_HorizontalAxis: Horizontal
  m_VerticalAxis: Vertical
  m_SubmitButton: Submit
  m_CancelButton: Cancel
  m_InputActionsPerSecond: 10
  m_RepeatDelay: 0.5
  m_ForceModuleActive: 0
--- !u!114 &1414169197
MonoBehaviour:
  m_ObjectHideFlags: 0
  m_PrefabParentObject: {fileID: 0}
  m_PrefabInternal: {fileID: 0}
  m_GameObject: {fileID: 1414169195}
  m_Enabled: 1
  m_EditorHideFlags: 0
  m_Script: {fileID: -619905303, guid: f5f67c52d1564df4a8936ccd202a3bd8, type: 3}
  m_Name: 
  m_EditorClassIdentifier: 
  m_FirstSelected: {fileID: 0}
  m_sendNavigationEvents: 1
  m_DragThreshold: 5
--- !u!4 &1414169198
Transform:
  m_ObjectHideFlags: 0
  m_PrefabParentObject: {fileID: 0}
  m_PrefabInternal: {fileID: 0}
  m_GameObject: {fileID: 1414169195}
  m_LocalRotation: {x: -0, y: -0, z: -0, w: 1}
  m_LocalPosition: {x: -629.6013, y: -658.19006, z: 13.5}
  m_LocalScale: {x: 1, y: 1, z: 1}
  m_Children: []
  m_Father: {fileID: 939381224}
  m_RootOrder: 3
  m_LocalEulerAnglesHint: {x: 0, y: 0, z: 0}
--- !u!1001 &1472926873
Prefab:
  m_ObjectHideFlags: 0
  serializedVersion: 2
  m_Modification:
    m_TransformParent: {fileID: 0}
    m_Modifications:
    - target: {fileID: 224909095693973748, guid: 7b670e3476079a240881fe5df99e9a98,
        type: 2}
      propertyPath: m_LocalPosition.x
      value: 512
      objectReference: {fileID: 0}
    - target: {fileID: 224909095693973748, guid: 7b670e3476079a240881fe5df99e9a98,
        type: 2}
      propertyPath: m_LocalPosition.y
      value: 384
      objectReference: {fileID: 0}
    - target: {fileID: 224909095693973748, guid: 7b670e3476079a240881fe5df99e9a98,
        type: 2}
      propertyPath: m_LocalPosition.z
      value: 0
      objectReference: {fileID: 0}
    - target: {fileID: 224909095693973748, guid: 7b670e3476079a240881fe5df99e9a98,
        type: 2}
      propertyPath: m_LocalRotation.x
      value: 0
      objectReference: {fileID: 0}
    - target: {fileID: 224909095693973748, guid: 7b670e3476079a240881fe5df99e9a98,
        type: 2}
      propertyPath: m_LocalRotation.y
      value: 0
      objectReference: {fileID: 0}
    - target: {fileID: 224909095693973748, guid: 7b670e3476079a240881fe5df99e9a98,
        type: 2}
      propertyPath: m_LocalRotation.z
      value: 0
      objectReference: {fileID: 0}
    - target: {fileID: 224909095693973748, guid: 7b670e3476079a240881fe5df99e9a98,
        type: 2}
      propertyPath: m_LocalRotation.w
      value: 1
      objectReference: {fileID: 0}
    - target: {fileID: 224909095693973748, guid: 7b670e3476079a240881fe5df99e9a98,
        type: 2}
      propertyPath: m_RootOrder
      value: 4
      objectReference: {fileID: 0}
    - target: {fileID: 224909095693973748, guid: 7b670e3476079a240881fe5df99e9a98,
        type: 2}
      propertyPath: m_AnchoredPosition.x
      value: 0
      objectReference: {fileID: 0}
    - target: {fileID: 224909095693973748, guid: 7b670e3476079a240881fe5df99e9a98,
        type: 2}
      propertyPath: m_AnchoredPosition.y
      value: 0
      objectReference: {fileID: 0}
    - target: {fileID: 224909095693973748, guid: 7b670e3476079a240881fe5df99e9a98,
        type: 2}
      propertyPath: m_SizeDelta.x
      value: 100
      objectReference: {fileID: 0}
    - target: {fileID: 224909095693973748, guid: 7b670e3476079a240881fe5df99e9a98,
        type: 2}
      propertyPath: m_SizeDelta.y
      value: 100
      objectReference: {fileID: 0}
    - target: {fileID: 224909095693973748, guid: 7b670e3476079a240881fe5df99e9a98,
        type: 2}
      propertyPath: m_AnchorMin.x
      value: 0.5
      objectReference: {fileID: 0}
    - target: {fileID: 224909095693973748, guid: 7b670e3476079a240881fe5df99e9a98,
        type: 2}
      propertyPath: m_AnchorMin.y
      value: 0.5
      objectReference: {fileID: 0}
    - target: {fileID: 224909095693973748, guid: 7b670e3476079a240881fe5df99e9a98,
        type: 2}
      propertyPath: m_AnchorMax.x
      value: 0.5
      objectReference: {fileID: 0}
    - target: {fileID: 224909095693973748, guid: 7b670e3476079a240881fe5df99e9a98,
        type: 2}
      propertyPath: m_AnchorMax.y
      value: 0.5
      objectReference: {fileID: 0}
    - target: {fileID: 224909095693973748, guid: 7b670e3476079a240881fe5df99e9a98,
        type: 2}
      propertyPath: m_Pivot.x
      value: 0.5
      objectReference: {fileID: 0}
    - target: {fileID: 224909095693973748, guid: 7b670e3476079a240881fe5df99e9a98,
        type: 2}
      propertyPath: m_Pivot.y
      value: 0.5
      objectReference: {fileID: 0}
    - target: {fileID: 224237949189611948, guid: 7b670e3476079a240881fe5df99e9a98,
        type: 2}
      propertyPath: m_LocalPosition.x
      value: 307.2
      objectReference: {fileID: 0}
    - target: {fileID: 224237949189611948, guid: 7b670e3476079a240881fe5df99e9a98,
        type: 2}
      propertyPath: m_LocalPosition.y
      value: 50.455994
      objectReference: {fileID: 0}
    - target: {fileID: 114614991724567540, guid: 7b670e3476079a240881fe5df99e9a98,
        type: 2}
      propertyPath: m_Enabled
      value: 0
      objectReference: {fileID: 0}
    m_RemovedComponents: []
  m_ParentPrefab: {fileID: 100100000, guid: 7b670e3476079a240881fe5df99e9a98, type: 2}
  m_IsPrefabParent: 0
--- !u!1001 &1823358962
Prefab:
  m_ObjectHideFlags: 0
  serializedVersion: 2
  m_Modification:
    m_TransformParent: {fileID: 0}
    m_Modifications:
    - target: {fileID: 224149108860937068, guid: c4351a7fca3a7704aa856725c796a63d,
        type: 2}
      propertyPath: m_LocalPosition.x
      value: 512
      objectReference: {fileID: 0}
    - target: {fileID: 224149108860937068, guid: c4351a7fca3a7704aa856725c796a63d,
        type: 2}
      propertyPath: m_LocalPosition.y
      value: 384
      objectReference: {fileID: 0}
    - target: {fileID: 224149108860937068, guid: c4351a7fca3a7704aa856725c796a63d,
        type: 2}
      propertyPath: m_LocalPosition.z
      value: 0
      objectReference: {fileID: 0}
    - target: {fileID: 224149108860937068, guid: c4351a7fca3a7704aa856725c796a63d,
        type: 2}
      propertyPath: m_LocalRotation.x
      value: 0
      objectReference: {fileID: 0}
    - target: {fileID: 224149108860937068, guid: c4351a7fca3a7704aa856725c796a63d,
        type: 2}
      propertyPath: m_LocalRotation.y
      value: 0
      objectReference: {fileID: 0}
    - target: {fileID: 224149108860937068, guid: c4351a7fca3a7704aa856725c796a63d,
        type: 2}
      propertyPath: m_LocalRotation.z
      value: 0
      objectReference: {fileID: 0}
    - target: {fileID: 224149108860937068, guid: c4351a7fca3a7704aa856725c796a63d,
        type: 2}
      propertyPath: m_LocalRotation.w
      value: 1
      objectReference: {fileID: 0}
    - target: {fileID: 224149108860937068, guid: c4351a7fca3a7704aa856725c796a63d,
        type: 2}
      propertyPath: m_RootOrder
      value: 9
      objectReference: {fileID: 0}
    - target: {fileID: 224149108860937068, guid: c4351a7fca3a7704aa856725c796a63d,
        type: 2}
      propertyPath: m_AnchoredPosition.x
      value: 0
      objectReference: {fileID: 0}
    - target: {fileID: 224149108860937068, guid: c4351a7fca3a7704aa856725c796a63d,
        type: 2}
      propertyPath: m_AnchoredPosition.y
      value: 0
      objectReference: {fileID: 0}
    - target: {fileID: 224149108860937068, guid: c4351a7fca3a7704aa856725c796a63d,
        type: 2}
      propertyPath: m_SizeDelta.x
      value: 100
      objectReference: {fileID: 0}
    - target: {fileID: 224149108860937068, guid: c4351a7fca3a7704aa856725c796a63d,
        type: 2}
      propertyPath: m_SizeDelta.y
      value: 100
      objectReference: {fileID: 0}
    - target: {fileID: 224149108860937068, guid: c4351a7fca3a7704aa856725c796a63d,
        type: 2}
      propertyPath: m_AnchorMin.x
      value: 0.5
      objectReference: {fileID: 0}
    - target: {fileID: 224149108860937068, guid: c4351a7fca3a7704aa856725c796a63d,
        type: 2}
      propertyPath: m_AnchorMin.y
      value: 0.5
      objectReference: {fileID: 0}
    - target: {fileID: 224149108860937068, guid: c4351a7fca3a7704aa856725c796a63d,
        type: 2}
      propertyPath: m_AnchorMax.x
      value: 0.5
      objectReference: {fileID: 0}
    - target: {fileID: 224149108860937068, guid: c4351a7fca3a7704aa856725c796a63d,
        type: 2}
      propertyPath: m_AnchorMax.y
      value: 0.5
      objectReference: {fileID: 0}
    - target: {fileID: 224149108860937068, guid: c4351a7fca3a7704aa856725c796a63d,
        type: 2}
      propertyPath: m_Pivot.x
      value: 0.5
      objectReference: {fileID: 0}
    - target: {fileID: 224149108860937068, guid: c4351a7fca3a7704aa856725c796a63d,
        type: 2}
      propertyPath: m_Pivot.y
      value: 0.5
      objectReference: {fileID: 0}
    - target: {fileID: 224815967079621770, guid: c4351a7fca3a7704aa856725c796a63d,
        type: 2}
      propertyPath: m_LocalPosition.y
      value: 192
      objectReference: {fileID: 0}
    - target: {fileID: 224471926441133192, guid: c4351a7fca3a7704aa856725c796a63d,
        type: 2}
      propertyPath: m_LocalPosition.x
      value: 0
      objectReference: {fileID: 0}
    - target: {fileID: 224471926441133192, guid: c4351a7fca3a7704aa856725c796a63d,
        type: 2}
      propertyPath: m_LocalPosition.y
      value: 38.40001
      objectReference: {fileID: 0}
    - target: {fileID: 1618423956110588, guid: c4351a7fca3a7704aa856725c796a63d, type: 2}
      propertyPath: m_IsActive
      value: 0
      objectReference: {fileID: 0}
    - target: {fileID: 114333187713046872, guid: c4351a7fca3a7704aa856725c796a63d,
        type: 2}
      propertyPath: m_Color.r
      value: 1
      objectReference: {fileID: 0}
    - target: {fileID: 114333187713046872, guid: c4351a7fca3a7704aa856725c796a63d,
        type: 2}
      propertyPath: m_Color.g
      value: 0.6905379
      objectReference: {fileID: 0}
    m_RemovedComponents: []
  m_ParentPrefab: {fileID: 100100000, guid: c4351a7fca3a7704aa856725c796a63d, type: 2}
  m_IsPrefabParent: 0
--- !u!1001 &1903302712
Prefab:
  m_ObjectHideFlags: 0
  serializedVersion: 2
  m_Modification:
    m_TransformParent: {fileID: 939381224}
    m_Modifications:
    - target: {fileID: 224849533562297466, guid: dbc84268272c73a49802160fdc144996,
        type: 2}
      propertyPath: m_LocalPosition.x
      value: -102.400024
      objectReference: {fileID: 0}
    - target: {fileID: 224849533562297466, guid: dbc84268272c73a49802160fdc144996,
        type: 2}
      propertyPath: m_LocalPosition.y
      value: 24.75
      objectReference: {fileID: 0}
    - target: {fileID: 224849533562297466, guid: dbc84268272c73a49802160fdc144996,
        type: 2}
      propertyPath: m_LocalPosition.z
      value: 13.5
      objectReference: {fileID: 0}
    - target: {fileID: 224849533562297466, guid: dbc84268272c73a49802160fdc144996,
        type: 2}
      propertyPath: m_LocalRotation.x
      value: -0
      objectReference: {fileID: 0}
    - target: {fileID: 224849533562297466, guid: dbc84268272c73a49802160fdc144996,
        type: 2}
      propertyPath: m_LocalRotation.y
      value: -0
      objectReference: {fileID: 0}
    - target: {fileID: 224849533562297466, guid: dbc84268272c73a49802160fdc144996,
        type: 2}
      propertyPath: m_LocalRotation.z
      value: -0
      objectReference: {fileID: 0}
    - target: {fileID: 224849533562297466, guid: dbc84268272c73a49802160fdc144996,
        type: 2}
      propertyPath: m_LocalRotation.w
      value: 1
      objectReference: {fileID: 0}
    - target: {fileID: 224849533562297466, guid: dbc84268272c73a49802160fdc144996,
        type: 2}
      propertyPath: m_RootOrder
      value: 0
      objectReference: {fileID: 0}
    - target: {fileID: 224849533562297466, guid: dbc84268272c73a49802160fdc144996,
        type: 2}
      propertyPath: m_AnchoredPosition.x
      value: -102.400024
      objectReference: {fileID: 0}
    - target: {fileID: 224849533562297466, guid: dbc84268272c73a49802160fdc144996,
        type: 2}
      propertyPath: m_AnchoredPosition.y
      value: 24.75
      objectReference: {fileID: 0}
    - target: {fileID: 224849533562297466, guid: dbc84268272c73a49802160fdc144996,
        type: 2}
      propertyPath: m_SizeDelta.x
      value: 100
      objectReference: {fileID: 0}
    - target: {fileID: 224849533562297466, guid: dbc84268272c73a49802160fdc144996,
        type: 2}
      propertyPath: m_SizeDelta.y
      value: 100
      objectReference: {fileID: 0}
    - target: {fileID: 224849533562297466, guid: dbc84268272c73a49802160fdc144996,
        type: 2}
      propertyPath: m_AnchorMin.x
      value: 0.5
      objectReference: {fileID: 0}
    - target: {fileID: 224849533562297466, guid: dbc84268272c73a49802160fdc144996,
        type: 2}
      propertyPath: m_AnchorMin.y
      value: 0.5
      objectReference: {fileID: 0}
    - target: {fileID: 224849533562297466, guid: dbc84268272c73a49802160fdc144996,
        type: 2}
      propertyPath: m_AnchorMax.x
      value: 0.5
      objectReference: {fileID: 0}
    - target: {fileID: 224849533562297466, guid: dbc84268272c73a49802160fdc144996,
        type: 2}
      propertyPath: m_AnchorMax.y
      value: 0.5
      objectReference: {fileID: 0}
    - target: {fileID: 224849533562297466, guid: dbc84268272c73a49802160fdc144996,
        type: 2}
      propertyPath: m_Pivot.x
      value: 0.5
      objectReference: {fileID: 0}
    - target: {fileID: 224849533562297466, guid: dbc84268272c73a49802160fdc144996,
        type: 2}
      propertyPath: m_Pivot.y
      value: 0.5
      objectReference: {fileID: 0}
    - target: {fileID: 224920422889166364, guid: dbc84268272c73a49802160fdc144996,
        type: 2}
      propertyPath: m_LocalPosition.x
      value: 50
      objectReference: {fileID: 0}
    - target: {fileID: 224511042240024112, guid: dbc84268272c73a49802160fdc144996,
        type: 2}
      propertyPath: m_LocalPosition.x
      value: 50
      objectReference: {fileID: 0}
    - target: {fileID: 224644139050691718, guid: dbc84268272c73a49802160fdc144996,
        type: 2}
      propertyPath: m_LocalPosition.x
      value: -50
      objectReference: {fileID: 0}
    m_RemovedComponents: []
  m_ParentPrefab: {fileID: 100100000, guid: dbc84268272c73a49802160fdc144996, type: 2}
  m_IsPrefabParent: 0
--- !u!1001 &1911550045
Prefab:
  m_ObjectHideFlags: 0
  serializedVersion: 2
  m_Modification:
    m_TransformParent: {fileID: 939381224}
    m_Modifications:
    - target: {fileID: 224964776205052716, guid: 13a4edbf326e1954ca2916f1a6da48f2,
        type: 2}
      propertyPath: m_LocalPosition.x
      value: -3640
      objectReference: {fileID: 0}
    - target: {fileID: 224964776205052716, guid: 13a4edbf326e1954ca2916f1a6da48f2,
        type: 2}
      propertyPath: m_LocalPosition.y
      value: -1211.25
      objectReference: {fileID: 0}
    - target: {fileID: 224964776205052716, guid: 13a4edbf326e1954ca2916f1a6da48f2,
        type: 2}
      propertyPath: m_LocalPosition.z
      value: 0
      objectReference: {fileID: 0}
    - target: {fileID: 224964776205052716, guid: 13a4edbf326e1954ca2916f1a6da48f2,
        type: 2}
      propertyPath: m_LocalRotation.x
      value: -0
      objectReference: {fileID: 0}
    - target: {fileID: 224964776205052716, guid: 13a4edbf326e1954ca2916f1a6da48f2,
        type: 2}
      propertyPath: m_LocalRotation.y
      value: -0
      objectReference: {fileID: 0}
    - target: {fileID: 224964776205052716, guid: 13a4edbf326e1954ca2916f1a6da48f2,
        type: 2}
      propertyPath: m_LocalRotation.z
      value: -0
      objectReference: {fileID: 0}
    - target: {fileID: 224964776205052716, guid: 13a4edbf326e1954ca2916f1a6da48f2,
        type: 2}
      propertyPath: m_LocalRotation.w
      value: 1
      objectReference: {fileID: 0}
    - target: {fileID: 224964776205052716, guid: 13a4edbf326e1954ca2916f1a6da48f2,
        type: 2}
      propertyPath: m_RootOrder
      value: 1
      objectReference: {fileID: 0}
    - target: {fileID: 224964776205052716, guid: 13a4edbf326e1954ca2916f1a6da48f2,
        type: 2}
      propertyPath: m_AnchoredPosition.x
      value: -3640
      objectReference: {fileID: 0}
    - target: {fileID: 224964776205052716, guid: 13a4edbf326e1954ca2916f1a6da48f2,
        type: 2}
      propertyPath: m_AnchoredPosition.y
      value: -1211.25
      objectReference: {fileID: 0}
    - target: {fileID: 224964776205052716, guid: 13a4edbf326e1954ca2916f1a6da48f2,
        type: 2}
      propertyPath: m_SizeDelta.x
      value: 100
      objectReference: {fileID: 0}
    - target: {fileID: 224964776205052716, guid: 13a4edbf326e1954ca2916f1a6da48f2,
        type: 2}
      propertyPath: m_SizeDelta.y
      value: 100
      objectReference: {fileID: 0}
    - target: {fileID: 224964776205052716, guid: 13a4edbf326e1954ca2916f1a6da48f2,
        type: 2}
      propertyPath: m_AnchorMin.x
      value: 0.5
      objectReference: {fileID: 0}
    - target: {fileID: 224964776205052716, guid: 13a4edbf326e1954ca2916f1a6da48f2,
        type: 2}
      propertyPath: m_AnchorMin.y
      value: 0.5
      objectReference: {fileID: 0}
    - target: {fileID: 224964776205052716, guid: 13a4edbf326e1954ca2916f1a6da48f2,
        type: 2}
      propertyPath: m_AnchorMax.x
      value: 0.5
      objectReference: {fileID: 0}
    - target: {fileID: 224964776205052716, guid: 13a4edbf326e1954ca2916f1a6da48f2,
        type: 2}
      propertyPath: m_AnchorMax.y
      value: 0.5
      objectReference: {fileID: 0}
    - target: {fileID: 224964776205052716, guid: 13a4edbf326e1954ca2916f1a6da48f2,
        type: 2}
      propertyPath: m_Pivot.x
      value: 0.5
      objectReference: {fileID: 0}
    - target: {fileID: 224964776205052716, guid: 13a4edbf326e1954ca2916f1a6da48f2,
        type: 2}
      propertyPath: m_Pivot.y
      value: 0.5
      objectReference: {fileID: 0}
    - target: {fileID: 1647055537731498, guid: 13a4edbf326e1954ca2916f1a6da48f2, type: 2}
      propertyPath: m_Name
      value: ModuleUI
      objectReference: {fileID: 0}
    - target: {fileID: 1647055537731498, guid: 13a4edbf326e1954ca2916f1a6da48f2, type: 2}
      propertyPath: m_IsActive
      value: 0
      objectReference: {fileID: 0}
    m_RemovedComponents: []
  m_ParentPrefab: {fileID: 100100000, guid: 13a4edbf326e1954ca2916f1a6da48f2, type: 2}
  m_IsPrefabParent: 0
--- !u!224 &1911550046 stripped
RectTransform:
  m_PrefabParentObject: {fileID: 224964776205052716, guid: 13a4edbf326e1954ca2916f1a6da48f2,
    type: 2}
  m_PrefabInternal: {fileID: 1911550045}
--- !u!1001 &2019794396
Prefab:
  m_ObjectHideFlags: 0
  serializedVersion: 2
  m_Modification:
    m_TransformParent: {fileID: 0}
    m_Modifications:
    - target: {fileID: 224368352488871750, guid: 82a28130a926d0140ae1e6de9ab2c55b,
        type: 2}
      propertyPath: m_LocalPosition.x
      value: 512
      objectReference: {fileID: 0}
    - target: {fileID: 224368352488871750, guid: 82a28130a926d0140ae1e6de9ab2c55b,
        type: 2}
      propertyPath: m_LocalPosition.y
      value: 384
      objectReference: {fileID: 0}
    - target: {fileID: 224368352488871750, guid: 82a28130a926d0140ae1e6de9ab2c55b,
        type: 2}
      propertyPath: m_LocalPosition.z
      value: 0
      objectReference: {fileID: 0}
    - target: {fileID: 224368352488871750, guid: 82a28130a926d0140ae1e6de9ab2c55b,
        type: 2}
      propertyPath: m_LocalRotation.x
      value: 0
      objectReference: {fileID: 0}
    - target: {fileID: 224368352488871750, guid: 82a28130a926d0140ae1e6de9ab2c55b,
        type: 2}
      propertyPath: m_LocalRotation.y
      value: 0
      objectReference: {fileID: 0}
    - target: {fileID: 224368352488871750, guid: 82a28130a926d0140ae1e6de9ab2c55b,
        type: 2}
      propertyPath: m_LocalRotation.z
      value: 0
      objectReference: {fileID: 0}
    - target: {fileID: 224368352488871750, guid: 82a28130a926d0140ae1e6de9ab2c55b,
        type: 2}
      propertyPath: m_LocalRotation.w
      value: 1
      objectReference: {fileID: 0}
    - target: {fileID: 224368352488871750, guid: 82a28130a926d0140ae1e6de9ab2c55b,
        type: 2}
      propertyPath: m_RootOrder
      value: 12
      objectReference: {fileID: 0}
    - target: {fileID: 224368352488871750, guid: 82a28130a926d0140ae1e6de9ab2c55b,
        type: 2}
      propertyPath: m_AnchoredPosition.x
      value: 0
      objectReference: {fileID: 0}
    - target: {fileID: 224368352488871750, guid: 82a28130a926d0140ae1e6de9ab2c55b,
        type: 2}
      propertyPath: m_AnchoredPosition.y
      value: 0
      objectReference: {fileID: 0}
    - target: {fileID: 224368352488871750, guid: 82a28130a926d0140ae1e6de9ab2c55b,
        type: 2}
      propertyPath: m_SizeDelta.x
      value: 100
      objectReference: {fileID: 0}
    - target: {fileID: 224368352488871750, guid: 82a28130a926d0140ae1e6de9ab2c55b,
        type: 2}
      propertyPath: m_SizeDelta.y
      value: 100
      objectReference: {fileID: 0}
    - target: {fileID: 224368352488871750, guid: 82a28130a926d0140ae1e6de9ab2c55b,
        type: 2}
      propertyPath: m_AnchorMin.x
      value: 0.5
      objectReference: {fileID: 0}
    - target: {fileID: 224368352488871750, guid: 82a28130a926d0140ae1e6de9ab2c55b,
        type: 2}
      propertyPath: m_AnchorMin.y
      value: 0.5
      objectReference: {fileID: 0}
    - target: {fileID: 224368352488871750, guid: 82a28130a926d0140ae1e6de9ab2c55b,
        type: 2}
      propertyPath: m_AnchorMax.x
      value: 0.5
      objectReference: {fileID: 0}
    - target: {fileID: 224368352488871750, guid: 82a28130a926d0140ae1e6de9ab2c55b,
        type: 2}
      propertyPath: m_AnchorMax.y
      value: 0.5
      objectReference: {fileID: 0}
    - target: {fileID: 224368352488871750, guid: 82a28130a926d0140ae1e6de9ab2c55b,
        type: 2}
      propertyPath: m_Pivot.x
      value: 0.5
      objectReference: {fileID: 0}
    - target: {fileID: 224368352488871750, guid: 82a28130a926d0140ae1e6de9ab2c55b,
        type: 2}
      propertyPath: m_Pivot.y
      value: 0.5
      objectReference: {fileID: 0}
    m_RemovedComponents: []
  m_ParentPrefab: {fileID: 100100000, guid: 82a28130a926d0140ae1e6de9ab2c55b, type: 2}
  m_IsPrefabParent: 0
--- !u!1001 &2122447489
Prefab:
  m_ObjectHideFlags: 0
  serializedVersion: 2
  m_Modification:
    m_TransformParent: {fileID: 0}
    m_Modifications:
    - target: {fileID: 4944189382265548, guid: efa2dfb19a230624b9baf94e5272aa2e, type: 2}
      propertyPath: m_LocalPosition.x
      value: 530.6976
      objectReference: {fileID: 0}
    - target: {fileID: 4944189382265548, guid: efa2dfb19a230624b9baf94e5272aa2e, type: 2}
      propertyPath: m_LocalPosition.y
      value: 451.47418
      objectReference: {fileID: 0}
    - target: {fileID: 4944189382265548, guid: efa2dfb19a230624b9baf94e5272aa2e, type: 2}
      propertyPath: m_LocalPosition.z
      value: -5.5412555
      objectReference: {fileID: 0}
    - target: {fileID: 4944189382265548, guid: efa2dfb19a230624b9baf94e5272aa2e, type: 2}
      propertyPath: m_LocalRotation.x
      value: 0
      objectReference: {fileID: 0}
    - target: {fileID: 4944189382265548, guid: efa2dfb19a230624b9baf94e5272aa2e, type: 2}
      propertyPath: m_LocalRotation.y
      value: 0
      objectReference: {fileID: 0}
    - target: {fileID: 4944189382265548, guid: efa2dfb19a230624b9baf94e5272aa2e, type: 2}
      propertyPath: m_LocalRotation.z
      value: 0
      objectReference: {fileID: 0}
    - target: {fileID: 4944189382265548, guid: efa2dfb19a230624b9baf94e5272aa2e, type: 2}
      propertyPath: m_LocalRotation.w
      value: 1
      objectReference: {fileID: 0}
    - target: {fileID: 4944189382265548, guid: efa2dfb19a230624b9baf94e5272aa2e, type: 2}
      propertyPath: m_RootOrder
      value: 7
      objectReference: {fileID: 0}
    m_RemovedComponents: []
  m_ParentPrefab: {fileID: 100100000, guid: efa2dfb19a230624b9baf94e5272aa2e, type: 2}
  m_IsPrefabParent: 0
